@inproceedings{inproceedings,
	author = {Dietz, Paul and Yerazunis, William and Leigh, Darren},
	year = {2003},
	month = {10},
	pages = {175-191},
	title = {Very Low-Cost Sensing and Communication Using Bidirectional LEDs},
	isbn = {978-3-540-20301-8},
	doi = {10.1007/978-3-540-39653-6_14}
}

@article{Schmid2014ContinuousSF,
	title={Continuous synchronization for LED-to-LED visible light communication networks},
	author={Stefan Schmid and Giorgio Corbellini and Stefan Mangold and Thomas R. Gross},
	journal={2014 3rd International Workshop in Optical Wireless Communications (IWOW)},
	year={2014},
	pages={45-49}
}

@inproceedings{10.1145/2491288.2491293,
	author = {Schmid, Stefan and Corbellini, Giorgio and Mangold, Stefan and Gross, Thomas R.},
	title = {LED-to-LED Visible Light Communication Networks},
	year = {2013},
	isbn = {9781450321938},
	publisher = {Association for Computing Machinery},
	address = {New York, NY, USA},
	url = {https://doi.org/10.1145/2491288.2491293},
	doi = {10.1145/2491288.2491293},
	booktitle = {Proceedings of the Fourteenth ACM International Symposium on Mobile Ad Hoc Networking and Computing},
	pages = {1–10},
	numpages = {10},
	keywords = {free-space optics, MAC protocol, visible light communication},
	location = {Bangalore, India},
	series = {MobiHoc '13}
}

@INPROCEEDINGS{7732989,  
	author={Schmid, Stefan and Richner, Thomas and Mangold, Stefan and Gross, Thomas R.}, 
	booktitle={2016 13th Annual IEEE International Conference on Sensing, Communication, and Networking (SECON)},   
	title={EnLighting: An Indoor Visible Light Communication System Based on Networked Light Bulbs},  
	year={2016},  
	volume={},  
	number={},  
	pages={1-9}, 
	 doi={10.1109/SAHCN.2016.7732989}
}

@misc{LightInTheOceanHawaiiEdu,
	title = {{Light in the Ocean {$\vert$} manoa.hawaii.edu/ExploringOurFluidEarth}},
	year = {2022},
	month = nov,
	note = {[Online; accessed 22. Nov. 2022]},
	url = {https://manoa.hawaii.edu/exploringourfluidearth/physical/ocean-depths/light-ocean}
}

@PHDTHESIS{20.500.11850/125771,
	copyright = {In Copyright - Non-Commercial Use Permitted},
	year = {2016},
	type = {Doctoral Thesis},
	author = {Schmid, Stefan M.},
	size = {1 Band},
	keywords = {DATA COMMUNICATIONS (COMPUTER SYSTEMS); DATENKOMMUNIKATION (COMPUTERSYSTEME); LEUCHTDIODEN, LED (ELEKTRONIK); SIGNALÜBERTRAGUNG + DATENKOMMUNIKATION (NACHRICHTENTECHNIK); SIGNAL TRANSMISSION + DATA COMMUNICATION (TELECOMMUNICATIONS); LIGHT EMITTING DIODES, LED (ELECTRONICS)},
	language = {en},
	address = {Zürich},
	publisher = {ETH Zürich},
	DOI = {10.3929/ethz-a-010811920},
	title = {Software-Defined Low-Complex Visible Light Communication Networks},
	school = {ETH Zurich}
}